<record><leader>00000cas a22000007a 4500</leader><controlfield tag="001">16133399</controlfield><controlfield tag="008">870706d18781896pauwr ne      0    0eng d</controlfield><datafield ind1=" " ind2=" " tag="010"><subfield code="a">sn 87099987 </subfield></datafield><datafield ind1=" " ind2=" " tag="040"><subfield code="a">NPU</subfield><subfield code="b">eng</subfield><subfield code="c">DLC</subfield><subfield code="d">NPH</subfield><subfield code="d">DLC</subfield><subfield code="d">OCLCQ</subfield><subfield code="d">OCLCF</subfield></datafield><datafield ind1=" " ind2=" " tag="042"><subfield code="a">msc</subfield></datafield><datafield ind1=" " ind2=" " tag="043"><subfield code="a">n-us-pa</subfield></datafield><datafield ind1="0" ind2="0" tag="050"><subfield code="a">Newspaper</subfield></datafield><datafield ind1="0" ind2=" " tag="130"><subfield code="a">American Republican (West Chester, Pa. : 1878)</subfield></datafield><datafield ind1="1" ind2="4" tag="245"><subfield code="a">The American Republican.</subfield></datafield><datafield ind1=" " ind2=" " tag="260"><subfield code="a">West Chester, Pa. :</subfield><subfield code="b">Walter E. Hall</subfield></datafield><datafield ind1=" " ind2=" " tag="300"><subfield code="a">v. ;</subfield><subfield code="c">78 cm.</subfield></datafield><datafield ind1=" " ind2=" " tag="310"><subfield code="a">Weekly</subfield></datafield><datafield ind1="1" ind2=" " tag="362"><subfield code="a">Began with July 1, 1878 issue; ceased with Aug. 21, 1896 issue?</subfield></datafield><datafield ind1=" " ind2=" " tag="588"><subfield code="a">Description based on: Sept. 12, 1879.</subfield></datafield><datafield ind1=" " ind2="0" tag="651"><subfield code="a">West Chester (Pa.)</subfield><subfield code="v">Newspapers.</subfield></datafield><datafield ind1=" " ind2="7" tag="655"><subfield code="a">Newspapers.</subfield><subfield code="2">fast</subfield><subfield code="0">(OCoLC)fst01423814</subfield></datafield><datafield ind1=" " ind2="7" tag="651"><subfield code="a">Pennsylvania</subfield><subfield code="z">West Chester.</subfield><subfield code="2">fast</subfield><subfield code="0">(OCoLC)fst01202764</subfield></datafield><datafield ind1=" " ind2=" " tag="752"><subfield code="a">United States</subfield><subfield code="b">Pennsylvania</subfield><subfield code="c">Chester</subfield><subfield code="d">West Chester.</subfield></datafield><datafield ind1="1" ind2=" " tag="775"><subfield code="t">West Chester daily Republican</subfield><subfield code="w">(DLC)sn 87071354</subfield></datafield><datafield ind1="1" ind2=" " tag="775"><subfield code="t">West Chester morning Republican</subfield><subfield code="w">(DLC)sn 88053100</subfield></datafield><datafield ind1="0" ind2="0" tag="780"><subfield code="t">American semi-weekly Republican</subfield></datafield></record>